
@MAGAZINE{Seidler2011,
  author = {Christoph Seidler},
  title = {Umstrittene {T}herapie -- {K}atholische {{\"A}}rzte wollen {H}omosexuelle
	mit {H}om{\"o}opathie kurieren},
  journal = {SPIEGEL ONLINE},
  year = {2011},
  month = {\APACmonth{06}},
  day = {01},
  keywords = {homosexualität, homöopathie, katholische kirche},
  language = {ngerman},
  url = {http://www.spiegel.de/wissenschaft/medizin/0,1518,766184,00.html},
  lastchecked = {02.06.2011}
}

@ARTICLE{NZZ2005,
  title = {Rolf {S}chweiger meldet sich zur{\"u}ck},
  journal = {Neue {Z}{\"u}rcher {Z}eitung Online},
  year = {2005},
  language = {ngerman},
  keywords = {burn-out},
  url = {http://www.nzz.ch/2005/01/06/il/newzzE3MOTQMU-12.html},
  key = {anonymous},
  month = {6. Januar 2005}
}
