@MISC{DCRainmaker2018,
        author =        {{DC Rainmaker}},
        title =         {How it works: {Z}wift's new training plan platform},
        howpublished =  blog,
        year =          {2018},
        month =         {\APACmonth{5}},
        day =           {31},
        url =           {https://www.dcrainmaker.com/2018/05/how-it-works-zwifts-new-training-plan-platform.html},
        lastchecked =   {17.08.2018},
        otherinfo =     {Ausf√ºhrliche Info zu der neuen Trainings-Plan-Funktion von Zwift.},
}

