@MISC{dummy2000,
        author =        {Hans Muster},
        title =         {Test-Eintrag},
        howpublished =  blog,
        year =          {2018},
        month =         {\APACmonth{5}},
        day =           {31},
        url =           {https://www.dummy.com},
        lastchecked =   {17.08.2018},
}

